@Article{sample_bib,
    author	 = {Author One and Author Two},
    title		 = {A Sample Publication},
    year		 = {2010}
}

@misc{stackoverflow_insights,
    author = {},
    title = {Stack Overflow Developer Survey 2021},
    howpublished = {\url{https://insights.stackoverflow.com/survey/2021#most-popular-technologies-webframe}},
    month = {},
    year = {},
    note = {(Accessed on 04/22/2022)}
}

@misc{react,
    author = {},
    title = {React – A JavaScript library for building user interfaces},
    howpublished = {\url{https://reactjs.org/}},
    month = {},
    year = {},
    note = {(Accessed on 08/29/2022)}
}

@misc{react_reconciliation,
    author = {},
    title = {Reconciliation – React},
    howpublished = {\url{https://reactjs.org/docs/reconciliation.html}},
    month = {},
    year = {},
    note = {(Accessed on 08/29/2022)}
}

@misc{mozilla_div,
    author = {},
    title = {<div>: The Content Division element - HTML: HyperText Markup Language | MDN},
    howpublished = {\url{https://developer.mozilla.org/en-US/docs/Web/HTML/Element/div}},
    month = {},
    year = {},
    note = {(Accessed on 08/29/2022)}
}

@misc{react_jsx,
    author = {},
    title = {JSX In Depth – React},
    howpublished = {\url{https://reactjs.org/docs/jsx-in-depth.html}},
    month = {},
    year = {},
    note = {(Accessed on 08/29/2022)}
}

@misc{mozilla_span,
    author = {},
    title = {<span>: The Content Span element - HTML: HyperText Markup Language | MDN},
    howpublished = {\url{https://developer.mozilla.org/en-US/docs/Web/HTML/Element/span}},
    month = {},
    year = {},
    note = {(Accessed on 08/29/2022)}
}

@misc{react_state_and_lifecycle,
    author = {},
    title = {State and Lifecycle – React},
    howpublished = {\url{https://reactjs.org/docs/state-and-lifecycle.html}},
    month = {},
    year = {},
    note = {(Accessed on 08/29/2022)}
}

@misc{react_components_and_props,
    author = {},
    title = {Components and Props – React},
    howpublished = {\url{https://reactjs.org/docs/components-and-props.html}},
    month = {},
    year = {},
    note = {(Accessed on 08/29/2022)}
}

@misc{presentational_and_container_components,
    author = {},
    title = {Presentational and Container Components | by Dan Abramov | Medium},
    howpublished = {\url{https://medium.com/@dan_abramov/smart-and-dumb-components-7ca2f9a7c7d0}},
    month = {},
    year = {},
    note = {(Accessed on 08/29/2022)}
}

@misc{react_hooks,
    author = {},
    title = {Introducing Hooks – React},
    howpublished = {\url{https://reactjs.org/docs/hooks-intro.html}},
    month = {},
    year = {},
    note = {(Accessed on 08/29/2022)}
}

@misc{mozilla_dom,
    author = {},
    title = {Document Object Model (DOM) - Web APIs | MDN},
    howpublished = {\url{https://developer.mozilla.org/en-US/docs/Web/API/Document_Object_Model}},
    month = {},
    year = {},
    note = {(Accessed on 08/29/2022)}
}

@misc{mozilla_fetch,
    author = {},
    title = {Fetch API - Web APIs | MDN},
    howpublished = {\url{https://developer.mozilla.org/en-US/docs/Web/API/Fetch_API#fetch_interfaces}},
    month = {},
    year = {},
    note = {(Accessed on 08/29/2022)}
}

@misc{react_context,
    author = {},
    title = {Context – React},
    howpublished = {\url{https://reactjs.org/docs/context.html}},
    month = {},
    year = {},
    note = {(Accessed on 08/29/2022)}
}

@misc{redux_toolkit,
    author = {},
    title = {Redux Toolkit | Redux Toolkit},
    howpublished = {\url{https://redux-toolkit.js.org/}},
    month = {},
    year = {},
    note = {(Accessed on 08/29/2022)}
}

@misc{flux,
    author = {},
    title = {In-Depth Overview | Flux},
    howpublished = {\url{https://facebook.github.io/flux/docs/in-depth-overview/}},
    month = {},
    year = {},
    note = {(Accessed on 08/29/2022)}
}

@misc{mobx,
    author = {},
    title = {README · MobX},
    howpublished = {\url{https://mobx.js.org/README.html}},
    month = {},
    year = {},
    note = {(Accessed on 08/29/2022)}
}

@misc{recoil,
    author = {},
    title = {Recoil},
    howpublished = {\url{https://recoiljs.org/}},
    month = {},
    year = {},
    note = {(Accessed on 08/29/2022)}
}

@misc{react_query,
    author = {},
    title = {TanStack Query | React Query, Solid Query, Svelte Query, Vue Query},
    howpublished = {\url{https://tanstack.com/query/v4/}},
    month = {},
    year = {},
    note = {(Accessed on 08/29/2022)}
}

@article{dynamic_scoping,
    title = {Beyond static and dynamic scope},
    author = {Tanter, {\'E}ric},
    journal = {ACM Sigplan Notices},
    volume = {44},
    number = {12},
    pages = {3--14},
    year = {2009},
    publisher = {ACM New York, NY, USA}
}

@misc{redux,
    author = {},
    title = {Redux - A predictable state container for JavaScript apps. | Redux},
    howpublished = {\url{https://redux.js.org/}},
    month = {},
    year = {},
    note = {(Accessed on 08/29/2022)}
}

@misc{flux_recommendation,
    author = {},
    title = {Flux: An Application Architecture for React – React Blog},
    howpublished = {\url{https://reactjs.org/blog/2014/05/06/flux.html}},
    month = {},
    year = {},
    note = {(Accessed on 08/29/2022)}
}

@misc{redux_style_guide,
    author = {},
    title = {Style Guide | Redux},
    howpublished = {\url{https://redux.js.org/style-guide/}},
    month = {},
    year = {},
    note = {(Accessed on 08/29/2022)}
}

@misc{why_redux_toolkit,
    author = {},
    title = {Redux Toolkit: Overview | Redux},
    howpublished = {\url{https://redux.js.org/redux-toolkit/overview}},
    month = {},
    year = {},
    note = {(Accessed on 08/29/2022)}
}

@misc{redux_toolkit_selector,
    author = {},
    title = {Deriving Data with Selectors | Redux},
    howpublished = {\url{https://redux.js.org/usage/deriving-data-selectors}},
    month = {},
    year = {},
    note = {(Accessed on 08/29/2022)}
}

@misc{redux_toolkit_slice,
    author = {},
    title = {createSlice | Redux Toolkit},
    howpublished = {\url{https://redux-toolkit.js.org/api/createSlice}},
    month = {},
    year = {},
    note = {(Accessed on 08/29/2022)}
}

@misc{redux_toolkit_configure_store,
    author = {},
    title = {configureStore | Redux Toolkit},
    howpublished = {\url{https://redux-toolkit.js.org/api/configureStore}},
    month = {},
    year = {},
    note = {(Accessed on 08/29/2022)}
}

@misc{redux_toolkit_async,
    author = {},
    title = {Usage Guide | Redux Toolkit},
    howpublished = {\url{https://redux-toolkit.js.org/usage/usage-guide#asynchronous-logic-and-data-fetching}},
    month = {},
    year = {},
    note = {(Accessed on 08/29/2022)}
}

@misc{redux_toolkit_create_async_thunk,
    author = {},
    title = {createAsyncThunk | Redux Toolkit},
    howpublished = {\url{https://redux-toolkit.js.org/api/createAsyncThunk}},
    month = {},
    year = {},
    note = {(Accessed on 08/29/2022)}
}

@misc{redux_motivation,
    author = {},
    title = {Motivation | Redux},
    howpublished = {\url{https://redux.js.org/understanding/thinking-in-redux/motivation}},
    month = {},
    year = {},
    note = {(Accessed on 08/29/2022)}
}

@misc{cqrs,
    author = {},
    title = {CQRS},
    howpublished = {\url{https://martinfowler.com/bliki/CQRS.html}},
    month = {},
    year = {},
    note = {(Accessed on 08/29/2022)}
}

@misc{event_sourcing,
    author = {},
    title = {Event Sourcing},
    howpublished = {\url{https://martinfowler.com/eaaDev/EventSourcing.html}},
    month = {},
    year = {},
    note = {(Accessed on 08/29/2022)}
}

@incollection{gang_of_four,
    title = {Gang of four design patterns},
    author = {Hunt, John},
    booktitle = {Scala design patterns},
    pages = {135--136},
    year = {2013},
    publisher = {Springer}
}

@misc{tfrp_explanaition,
    author = {},
    title = {Transparent functional reactive programming | MobX Quick Start Guide},
    howpublished = {\url{https://subscription.packtpub.com/book/web-development/9781789344837/9/ch09lvl1sec51/transparent-functional-reactive-programming}},
    month = {},
    year = {},
    note = {(Accessed on 08/29/2022)}
}

@techreport{deprecating_the_observer_pattern,
    title = {Deprecating the observer pattern},
    author = {Maier, Ingo and Rompf, Tiark and Odersky, Martin},
    year = {2010}
}

@misc{recoil_atoms,
    author = {},
    title = {Atoms | Recoil},
    howpublished = {\url{https://recoiljs.org/docs/basic-tutorial/atoms/}},
    month = {},
    year = {},
    note = {(Accessed on 08/29/2022)}
}

@misc{recoil_selectors,
    author = {},
    title = {Selectors | Recoil},
    howpublished = {\url{https://recoiljs.org/docs/basic-tutorial/selectors}},
    month = {},
    year = {},
    note = {(Accessed on 08/29/2022)}
}

@misc{recoil_core_concepts,
    author = {},
    title = {Core Concepts | Recoil},
    howpublished = {\url{https://recoiljs.org/docs/introduction/core-concepts}},
    month = {},
    year = {},
    note = {(Accessed on 08/29/2022)}
}

@misc{react_using_the_state_hook,
    author = {},
    title = {Using the State Hook – React},
    howpublished = {\url{https://reactjs.org/docs/hooks-state.html#gatsby-focus-wrapper}},
    month = {},
    year = {},
    note = {(Accessed on 08/29/2022)}
}

@misc{react_query_overview,
    author = {},
    title = {Overview | TanStack Query Docs},
    howpublished = {\url{https://tanstack.com/query/v4/docs/overview}},
    month = {},
    year = {},
    note = {(Accessed on 08/29/2022)}
}

@misc{react_query_optimistic_updates,
    author = {},
    title = {Optimistic Updates | TanStack Query Docs},
    howpublished = {\url{https://tanstack.com/query/v4/docs/guides/optimistic-updates}},
    month = {},
    year = {},
    note = {(Accessed on 08/29/2022)}
}

@misc{mozilla_deconstructing,
    author = {},
    title = {Destructuring assignment - JavaScript | MDN},
    howpublished = {\url{https://developer.mozilla.org/en-US/docs/Web/JavaScript/Reference/Operators/Destructuring_assignment}},
    month = {},
    year = {},
    note = {(Accessed on 08/29/2022)}
}

@inproceedings{dap_model,
    title = {Software quality models: Purposes, usage scenarios and requirements},
    author = {Deissenboeck, Florian and Juergens, Elmar and Lochmann, Klaus and Wagner, Stefan},
    booktitle = {2009 ICSE workshop on software quality},
    pages = {9--14},
    year = {2009},
    organization = {IEEE}
}

@article{quality_models,
    title = {A review of software quality models for the evaluation of software products},
    author = {Miguel, Jos{\'e} P and Mauricio, David and Rodr{\'\i}guez, Glen},
    journal = {arXiv preprint arXiv:1412.2977},
    year = {2014}
}

@techreport{mccall,
    title = {Factors in Software Quality, Volumes I, II, and III, US Rome Air Development Center Reports NTIS AD/A-049 014},
    author = {McCall, JA and Richards, PK and Walters, GF},
    year = {1977},
    institution = {NTIS AD/A-049 015 and NTIS AD/A-049 016, US Department of Commerce}
}

@INPROCEEDINGS{boehm,
    author = {B. W. Boehm and J. R. Brown and M. Lipow},
    title = {Quantitative evaluation of software quality},
    booktitle = {in ICSE ’76: Proceedings of the 2nd International Conference on Software engineering},
    year = {1976},
    pages = {592--605}
}

@article{dromey,
    title = {A model for software product quality},
    author = {Dromey, R. Geoff},
    journal = {IEEE Transactions on software engineering},
    volume = {21},
    number = {2},
    pages = {146--162},
    year = {1995},
    publisher = {IEEE}
}

@book{furps,
    title = {Practical software metrics for project management and process improvement},
    author = {Grady, Robert B},
    year = {1992},
    publisher = {Prentice-Hall, Inc.}
}

@misc{arc42_iso,
    author = {},
    title = {Tip 10-4: Use the quality tree as checklist! | arc42 Documentation},
    howpublished = {\url{https://docs.arc42.org/tips/10-4/}},
    month = {},
    year = {},
    note = {(Accessed on 08/30/2022)}
}

@misc{iso_25010_online,
    author = {},
    title = {ISO 25010},
    howpublished = {\url{https://iso25000.com/index.php/en/iso-25000-standards/iso-25010}},
    month = {},
    year = {},
    note = {(Accessed on 08/30/2022)}
}

@misc{iso_25010_online_page_2,
    author = {},
    title = {ISO 25010},
    howpublished = {\url{https://iso25000.com/index.php/en/iso-25000-standards/iso-25010?start=3}},
    month = {},
    year = {},
    note = {(Accessed on 08/30/2022)}
}

@misc{iso_25010_online_page_3,
    author = {},
    title = {ISO 25010},
    howpublished = {\url{https://iso25000.com/index.php/en/iso-25000-standards/iso-25010?start=6}},
    month = {},
    year = {},
    note = {(Accessed on 08/30/2022)}
}

@article{interoperability,
    title = {Interoperability},
    author = {Wegner, Peter},
    journal = {ACM Computing Surveys (CSUR)},
    volume = {28},
    number = {1},
    pages = {285--287},
    year = {1996},
    publisher = {ACM New York, NY, USA}
}

@article{maintainability_index,
    title = {The application of software maintainability models in industrial software systems},
    author = {Coleman, Don and Lowther, Bruce and Oman, Paul},
    journal = {Journal of Systems and Software},
    volume = {29},
    number = {1},
    pages = {3--16},
    year = {1995},
    publisher = {Elsevier}
}

@book{rgm,
    title = {Handbook of software reliability engineering},
    author = {Lyu, Michael R and others},
    volume = {222},
    year = {1996},
    publisher = {IEEE computer society press Los Alamitos}
}

@inproceedings{sqm_comparison,
    title = {Evaluating open source software quality models against ISO 25010},
    author = {Adewumi, Adewole and Misra, Sanjay and Omoregbe, Nicholas},
    booktitle = {2015 IEEE International Conference on Computer and Information Technology; Ubiquitous Computing and Communications; Dependable, Autonomic and Secure Computing; Pervasive Intelligence and Computing},
    pages = {872--877},
    year = {2015},
    organization = {IEEE}
}

@misc{osmm,
    title = {Open Source Maturity Model. Cap Gemini Expert Letter (August 2003)},
    author = {Duijnhouwer, FW and Widdows, C},
    year = {2008}
}

@techreport{qsos,
    title = {Method for Qualification and Selection of Open Source software (QSOS) version 1.6},
    author = {Semeteys, Rapha{\"e}l and Pilot, Olivier and Baudrillard, Laurent and Le Bouder, G and Pinkhardt, W},
    year = {2006},
    institution = {Technical report, Atos Origin}
}

@inproceedings{openbrr,
    title = {The business readiness rating model: an evaluation framework for open source},
    author = {Wasserman, Anthony and Pal, Murugan and Chan, Christopher},
    booktitle = {Proceedings of the EFOSS Workshop, Como, Italy},
    year = {2006}
}

@inproceedings{sung_model,
    title = {A quality model for open source software selection},
    author = {Sung, Won Jun and Kim, Ji Hyeok and Rhew, Sung Yul},
    booktitle = {Sixth International Conference on Advanced Language Processing and Web Information Technology (ALPIT 2007)},
    pages = {515--519},
    year = {2007},
    organization = {IEEE}
}

@inproceedings{qualoss,
    title = {The QualOSS open source assessment model measuring the performance of open source communities},
    author = {Soto, Mart{\'\i}n and Ciolkowski, Marcus},
    booktitle = {2009 3rd International Symposium on Empirical Software Engineering and Measurement},
    pages = {498--501},
    year = {2009},
    organization = {IEEE}
}

@inproceedings{omm,
    title = {Introducing the opensource maturity model},
    author = {Petrinja, Etiel and Nambakam, Ranga and Sillitti, Alberto},
    booktitle = {2009 ICSE Workshop on Emerging Trends in Free/Libre/Open Source Software Research and Development},
    pages = {37--41},
    year = {2009},
    organization = {IEEE}
}

@inproceedings{sqo_oss_1,
    title = {The SQO-OSS quality model: measurement based open source software evaluation},
    author = {Samoladas, Ioannis and Gousios, Georgios and Spinellis, Diomidis and Stamelos, Ioannis},
    booktitle = {IFIP international conference on open source systems},
    pages = {237--248},
    year = {2008},
    organization = {Springer}
}

@article{sqo_oss_2,
    title = {Evaluating the quality of open source software},
    author = {Spinellis, Diomidis and Gousios, Georgios and Karakoidas, Vassilios and Louridas, Panagiotis and Adams, Paul J and Samoladas, Ioannis and Stamelos, Ioannis},
    journal = {Electronic Notes in Theoretical Computer Science},
    volume = {233},
    pages = {5--28},
    year = {2009},
    publisher = {Elsevier}
}

@article{effort,
    title = {Quality evaluation of floss projects: Application to ERP systems},
    author = {Aversano, Lerina and Tortorella, Maria},
    journal = {Information and Software Technology},
    volume = {55},
    number = {7},
    pages = {1260--1276},
    year = {2013},
    publisher = {Elsevier}
}

@inproceedings{difference_between_2_generation,
    title = {Free/Libre Open Source Quality Models-a comparison between two approaches},
    author = {Kirsten Haaland and Arne-Kristian Groven},
    year = {2010}
}

@inproceedings{effort_crm,
    title = {Applying EFFORT for Evaluating CRM Open Source Systems},
    author = {Lerina Aversano and Maria Tortorella},
    booktitle = {PROFES},
    year = {2011}
}

@techreport{gqm,
    title = {Software modeling and measurement: the Goal/Question/Metric paradigm},
    author = {Basili, Victor R},
    year = {1992}
}

@misc{npm,
    author = {},
    title = {npm},
    howpublished = {\url{https://www.npmjs.com/}},
    month = {},
    year = {},
    note = {(Accessed on 08/30/2022)}
}

@ARTICLE{cyclomatic_complexity,
    author = {McCabe, T.J.},
    key = {value},
    journal = {IEEE Transactions on Software Engineering},
    key = {value},
    title = {A Complexity Measure},
    year = {1976},
    key = {value},
    volume = {SE-2},
    number = {4},
    key = {value},pages = {308-320},
    doi = {10.1109/TSE.1976.233837} }
@article{cognitive_complexity,
    title={Cognitive complexity},
    author={Campbell, G Ann and SonarSource, SA},
    journal={SonarSource: Geneva, Switzerland},
    year={2020}
}
@misc{first_contentful_paint,
    author = {},
    title = {First Contentful Paint},
    howpublished = {\url{https://web.dev/first-contentful-paint/}},
    month = {},
    year = {},
    note = {(Accessed on 08/30/2022)}
}
@misc{speed_index,
    author = {},
    title = {Speed Index},
    howpublished = {\url{https://web.dev/speed-index/}},
    month = {},
    year = {},
    note = {(Accessed on 08/30/2022)}
}
@misc{largest_contentful_paint,
    author = {},
    title = {Largest Contentful Paint (LCP)},
    howpublished = {\url{https://web.dev/lcp/}},
    month = {},
    year = {},
    note = {(Accessed on 08/30/2022)}
}
@misc{time_to_interactive,
    author = {},
    title = {Time to Interactive},
    howpublished = {\url{https://web.dev/interactive/}},
    month = {},
    year = {},
    note = {(Accessed on 08/30/2022)}
}
@misc{total_blocking_time,
    author = {},
    title = {Total Blocking Time (TBT)},
    howpublished = {\url{https://web.dev/tbt/}},
    month = {},
    year = {},
    note = {(Accessed on 08/30/2022)}
}

@misc{cumulative_layout_shift,
    author = {},
    title = {Cumulative Layout Shift (CLS)},
    howpublished = {\url{https://web.dev/cls/}},
    month = {},
    year = {},
    note = {(Accessed on 08/30/2022)}
}
@misc{redux_toolkit_suspense_planned_support,
    author = {},
    title = {Support for Suspense in RTK Query · Issue \#1574 · reduxjs/redux-toolkit},
    howpublished = {\url{https://github.com/reduxjs/redux-toolkit/issues/1574}},
    month = {},
    year = {},
    note = {(Accessed on 08/30/2022)}
}
@misc{redux_dev_tools,
    author = {},
    title = {reduxjs/redux-devtools: DevTools for Redux with hot reloading, action replay, and customizable UI},
    howpublished = {\url{https://github.com/reduxjs/redux-devtools}},
    month = {},
    year = {},
    note = {(Accessed on 08/30/2022)}
}
@misc{redux_testing,
    author = {},
    title = {Writing Tests | Redux},
    howpublished = {\url{https://redux.js.org/usage/writing-tests}},
    month = {},
    year = {},
    note = {(Accessed on 08/30/2022)}
}
@misc{recoil_github_experimental,
    author = {},
    title = {facebookexperimental/Recoil: Recoil is an experimental state management library for React apps. It provides several capabilities that are difficult to achieve with React alone, while being compatible with the newest features of React.},
    howpublished = {\url{https://github.com/facebookexperimental/Recoil}},
    month = {},
    year = {},
    note = {(Accessed on 08/30/2022)}
}
@misc{react_toolkit_upgrade_with_codemod,
    author = {},
    title = {Migrating to React Query 4 | TanStack Query Docs},
    howpublished = {\url{https://tanstack.com/query/v4/docs/guides/migrating-to-react-query-4}},
    month = {},
    year = {},
    note = {(Accessed on 08/30/2022)}
}
@misc{goodhart,
    title={When a measure becomes a target, it ceases to be a good measure},
    author={Mattson, Christopher and Bushardt, Reamer L and Artino Jr, Anthony R},
    journal={Journal of Graduate Medical Education},
    volume={13},
    number={1},
    pages={2--5},
    year={2021},
    publisher={The Accreditation Council for Graduate Medical Education}
}
@misc{rtk_query,
    author = {},
    title = {RTK Query Overview | Redux Toolkit},
    howpublished = {\url{https://redux-toolkit.js.org/rtk-query/overview}},
    month = {},
    year = {},
    note = {(Accessed on 08/30/2022)}
}
@misc{react_dom,
    author = {},
    title = {ReactDOM – React},
    howpublished = {\url{https://reactjs.org/docs/react-dom.html}},
    month = {},
    year = {},
    note = {(Accessed on 08/30/2022)}
}

@misc{iso_25010_pdf,
    title={ISO/IEC 25010: Systems and software engineering-systems and Software Quality Requirements and Evaluation (SQuaRE)},
    author={INTERNATIONAL ORGANIZATION FOR STANDARDIZATION},
    year={2011},
    publisher={System and software quality models Geneva}
}
@misc{react_suspense,
    author = {},
    title = {Suspense for Data Fetching (Experimental) – React},
    howpublished = {\url{https://17.reactjs.org/docs/concurrent-mode-suspense.html}},
    month = {},
    year = {},
    note = {(Accessed on 08/31/2022)}
}
@book{iso9126,
    title={Software Engineering-Product Quality},
    author={International Electrotechnical Commission},
    volume={9126},
    year={2001},
    publisher={ISO/IEC}
}